@book{latex,
  title = {LaTeX : A Documentation Preparation System User's Guide and Reference Manual},
  publisher = {Addison-Wesley Professional},
  year = {1994},
  author = {Leslie Lamport}
}

@article{hirode2020trends,
  title={Trends in the prevalence of metabolic syndrome in the United States, 2011-2016},
  author={Hirode, Grishma and Wong, Robert J},
  journal={Jama},
  volume={323},
  number={24},
  pages={2526--2528},
  year={2020},
  publisher={American Medical Association}
}
@article{doi:10.1080/02642069600000006,
author = { Ogenyi Ejye   Omar },
title = {Grocery Purchase Behaviour for National and Own-Label Brands},
journal = {The Service Industries Journal},
volume = {16},
number = {1},
pages = {58-66},
year  = {1996},
publisher = {Routledge},
doi = {10.1080/02642069600000006},

URL = { 
        https://doi.org/10.1080/02642069600000006
    
},
eprint = { 
        https://doi.org/10.1080/02642069600000006
    
}

}


@inproceedings{heinrichs2011hybrid,
  title={The hybrid shopping list: Bridging the gap between physical and digital shopping lists},
  author={Heinrichs, Felix and Schreiber, Daniel and Sch{\"o}ning, Johannes},
  booktitle={Proceedings of the 13th international conference on Human computer interaction with mobile devices and services},
  pages={251--254},
  year={2011}
}

@ARTICLE{7932080,
  author={Li, Ruinian and Song, Tianyi and Capurso, Nicholas and Yu, Jiguo and Couture, Jason and Cheng, Xiuzhen},
  journal={IEEE Internet of Things Journal}, 
  title={IoT Applications on Secure Smart Shopping System}, 
  year={2017},
  volume={4},
  number={6},
  pages={1945-1954},
  doi={10.1109/JIOT.2017.2706698}
}

@inproceedings{inproceedings,
author = {Hartleb, Detlef and Ahrens, Andreas and Purvinis, Ojaras and Zascerinska, Jelena and Miceviƒçiene, Diana},
year = {2020},
month = {11},
pages = {},
title = {Internal and External Factor Analysis in Bottleneck Detection in Shop Sales: The Case of Grocery Shops in Lithuania},
doi = {10.5220/0009983800530060}
}

@inproceedings{wankhede2018just,
  title={Just walk-out technology and its challenges: A case of Amazon Go},
  author={Wankhede, Kirti and Wukkadada, Bharati and Nadar, Vidhya},
  booktitle={2018 International Conference on Inventive Research in Computing Applications (ICIRCA)},
  pages={254--257},
  year={2018},
  organization={IEEE}
}

@article{rowlett2000dictionary,
  title={A dictionary of units of measurement},
  author={Rowlett, Russ},
  journal={University of North Carolina at Chapel Hill},
  year={2000}
}

@misc{spellcheck,
  title = {pyspellchecker},
  note = {\url{https://pypi.org/project/pyspellchecker/}}
}
